@book{ knuth98:art,
  address = {Boston, MA, USA},
  author = {Donald E. Knuth},
  publisher = {Addison-Wesley},
  title = {The art of computer programming, volume 2 (3rd ed.): seminumerical algorithms},
  year = 1998,
  isbn = {0201896842},
}

@incollection{ karp72,
  author = {Karp, Richard M.},
  booktitle = {Complexity of Computer Computations},
  editor = {Miller, R. E. and Thatcher, J. W.},
  pages = {85--103},
  publisher = {Plenum Press},
  title = {Reducibility Among Combinatorial Problems},
  year = {1972}
}

@Book{ thomas09:ruby,
  author =		{Dave Thomas and Chad Fowler and Andy Hunt},
  title =		{Programming Ruby 1.9: The Pragmatic Programmers’ Guide},
  publisher =	{The Pragmatic Bookshelf},
  address =		{Raleigh, Dallas},
  year = 		{2009},
  ISBN = 		{1-934356-08-5}
}


@article{ prechelt00:comparison,
  author = {Prechelt, Lutz},
  title = {An Empirical Comparison of Seven Programming Languages},
  year = {2000},
  pages = {23--29},
  publisher = {IEEE Computer Society Press},
  address = {Los Alamitos, CA, USA},
}

@article{ bartz03:experimental,
  author = 	{Thomas Bartz-Beielstein},
  title = 	{Experimental Analysis of Evolution Strategies - Overview and Comprehensive Introduction},
  year =	{2003}
}

@article{ ousterhout98:scripting,
  author = {John K. Ousterhout},
  pages = {23--30},
  title = {Scripting: {H}igher Level Programming for the 21st Century},
  year = 1998,
  month = {March}
}


@book{ sebesta10:langconcepts,
  author =		{Robert W. Sebesta},
  publisher =	{Pearson Addison-Wesley},
  address =		{Boston},
  title =		{Concepts of Programming Languages},
  year = 		{2010},
  isbn =		{0-13-246558-2}
}

@book{ hunt99:pragmatic,
  author =		{Andrew Hunt and David Thomas},
  publisher =	{Addison-Wesley Longman, Amsterdam},
  adresss =		{Boston},
  title =		{The Pragmatic Programmer. From Journeyman to Master},
  year = 		{1999},
  isbn =		{020161622X}
}

@book{ sommerville07:softeng,
  author =		{Ian Sommerville},
  edition =		{8.~akutalisierte},
  publisher =	{Addison-Wesley},
  address =		{München},
  title =		{Software Engineering},
  year =		{2007},
  isbn =		{0-201-56529-3}
}

@book{ szyperski02:componentsoftware,
  author =		{Clemens Szyperski and Dominik Gruntz and Stephan Murer},
  edition =		{2nd Edition},
  publisher =	{Addison-Wesley},
  address =		{London},
  title =		{Component Software: Beyond Object-Oriented Programming},
  year =		{2002},
  isbn =		{0-201-74572-0}
}

@book{ gamma96:patterns,
  address =		{Bonn},
  author =		{Erich Gamma and Richard Helm and Ralph Johnson and Vlissides John},
  edition =		{1.},
  note =		{Design Patterns, 1995, Deutsche {\"U}bersetzung von Dirk Riehle},
  publisher =	{Addison-Wesley},
  title =		{{Entwurfsmuster: Elemente wiederverwendbarer objektorientierter Software}},
  year =		{1996},
  isbn =		{3-89319-950-0}
}

@Book{ eiben07:ec,
  author =		{A. E. Eiben and J. E. Smith},
  title =		{Introduction to Evolutionary Computation},
  isbn =		{978-3-540-40184-1},
  publisher =	{Springer-Verlag},
  address =		{Heidelberg, Berlin},
  year =		{2007}
}

@Book{ weise09:globalopt,
  author =		{Thomas Weise},
  title =		{Global Optimization Algorithms: Theory and Application},
  edition =		{2.},
  year =		{2008},
  note =		{\url{http://www.it-weise.de/projects/book.pdf}}
}
@Book{ weicker07:evoalg,
  author =		{Karsten Weicker},
  title =		{Evolutionäre Algorithmen},
  publisher =	{Teubner},
  edition =		{2.},
  year =		{2007},
  address =		{Stuttgart},
  isbn =		{978-3-8351-0219-4}
}

