% This file was created with JabRef 2.4.2.
% Encoding: Cp1252

@book{Sicherheitstechnik,
   title = {Sicherheitstechnik f\"ur Komponenten und Systeme},
   author =	 {Dr. Peter Wratil and Michael Kieviet},
   publisher = {H\"uthig Verlag Heidelberg},
   year = {2006}
}

@book{Safety@Festo,
  title = {Bewertung und Beurteilung von Schuzma\ss nahmen (56316)},
  author = {FESTO},
  year = {2009},
  url = {http://www.festo.com}
}

@book{VDMA-Mitteilung,
  title = {VDMA-Mitteilung Sicherheit von Maschinen - Sicherheitsbezogene Teile von Steuerungen Verl\"angerung der Vermutungswirken f\"ur EN954-1:1996 um 36 Monate},
  author = {Dieter G\"odicke},
  year = {2009},
  url = {http://www.vdma.org}
}

@Misc{DINEN954-1, 
   key = "DIN EN 954-1", 
   type = {Norm}, 
   number = {DIN EN 954-1}, 
   title = {Sicherheit von Maschinen - Sicherheitsbezogene Teile von Steuerungen - Allgemeine Gestaltungsleits\"atze}, 
   month = {M\"arz}, 
   year = {1997} 
}

@Misc{DINENISO12100-1, 
   key = "DIN EN ISO 12100-1", 
   type = {Norm}, 
   number = {DIN EN ISO 12100-1}, 
   title = {Sicherheit von Maschinen - Grundbegriffe, allgemeine Gestaltungsleits\"atze Teil 1: Grunds\"atzliche Terminologie,    Methodologie}, 
   month = {April}, 
   year = {2004} 
}

@Misc{DINENISO13218, 
   key = "DIN EN ISO 13218", 
   type = {Norm}, 
   number = {DIN EN ISO 13218}, 
   title = {Werkzeugmaschinen - Sicherheit - Ortsfeste Schleifmaschinen}, 
   month = {Oktober}, 
   year = {2008} 
}

@Misc{DINENISO13849-1, 
   key = "DIN EN ISO 13849-1", 
   type = {Norm}, 
   number = {DIN EN ISO 13849-1}, 
   title = {Sicherheit von Maschinen - Sicherheitsbezogene Teile von Steuerungen - Teil 1: Allgemeine Gestaltungsleits\"atze}, 
   month = {Dezember}, 
   year = {2008} 
}

@Misc{DINENISO13849-2, 
   key = "DIN EN ISO 13849-2", 
   type = {Norm}, 
   number = {DIN EN ISO 13849-2}, 
   title = {Sicherheit von Maschinen - Sicherheitsbezogene Teile von Steuerungen - Teil 2: Validierung}, 
   month = {September}, 
   year = {2008} 
}

@Misc{DINENISO14121-1, 
   key = "DIN EN ISO 14121-1", 
   type = {Norm}, 
   number = {DIN EN ISO 14121-1}, 
   title = {Sicherheit von Maschinen - Risikobeurteilung - Teil 1: Leits\"atze}, 
   month = {Dezember}, 
   year = {2007} 
}

@Misc{DINENISO60812, 
   key = "DIN EN ISO 60812", 
   type = {Norm}, 
   number = {DIN EN ISO 60812}, 
   title = {Analysetechniken f\"ur die Funktionsf\"ahigkeit von Systemen - Verfahren f\"ur die Fehlzustandsart- und Auswirkungsanalyse (FMEA)}, 
   month = {November}, 
   year = {2006} 
}

@Misc{DINEN61508, 
   key = "DIN EN 61508", 
   type = {Norm}, 
   number = {DIN EN 61508}, 
   title = {Funktionale Sicherheit sicherheitsbezogener elektrischer/elektronischer/programmierbarer elektronischer Systeme}, 
   month = {Juni}, 
   year = {2009} 
}

@Misc{DINEN62061, 
   key = "DIN EN 62061", 
   type = {Norm}, 
   number = {DIN EN 62061}, 
   title = {Sicherheit von Maschinen - Funktionale Sicherheit sicherheitsbezogener elektrischer, elektronischer und programmierbarer elektronischer Steuerungssysteme}, 
   month = {August}, 
   year = {2006} 
}

@Misc{Maschinenrichtlinie2006/42/EG, 
   key = "Maschinenrichtlinie 2006/42/EG", 
   type = {Richtlinie}, 
   number = {2006/42/EG}, 
   title = {Richtlinie 2006/42/EG des europ"aischen Parlaments und des Rates}, 
   month = {Mai}, 
   year = {2006} 
}

@Misc{MRL-News_29-11-09, 
   key = "MRL-News", 
   type = {Information}, 
   number = {29/11/09}, 
   title = {Sicherheit von Maschinen und Maschinensteuerungen}, 
   month = {November}, 
   year = {2009} 
}

