@article{weranders,
	author = "Hans Weranders",
	title ="Der Titel ist seine Allegorie seiner selbst",
	journal ="Bücher über dies und das",
	year="1999",
	month="Februar",
	pages = "257-286",
}